@article{Aguirregabiria2007,
  doi = {10.1111/j.1468-0262.2007.00731.x},
  url = {https://doi.org/10.1111/j.1468-0262.2007.00731.x},
  year = {2007},
  month = jan,
  publisher = {The Econometric Society},
  volume = {75},
  number = {1},
  pages = {1--53},
  author = {Victor Aguirregabiria and Pedro Mira},
  title = {Sequential Estimation of Dynamic Discrete Games},
  journal = {Econometrica}
}

@article{Arcidiacono2016,
  doi = {10.1093/restud/rdw012},
  url = {https://doi.org/10.1093/restud/rdw012},
  year = {2016},
  month = mar,
  publisher = {Oxford University Press ({OUP})},
  volume = {83},
  number = {3},
  pages = {889--931},
  author = {Peter Arcidiacono and Patrick Bayer and Jason R. Blevins and Paul B. Ellickson},
  title = {Estimation of Dynamic Discrete Choice Models in Continuous Time with an Application to Retail Competition},
  journal = {The Review of Economic Studies}
}